<record><leader>04843cam a2200493 i 4500</leader><controlfield tag="001">6740422</controlfield><controlfield tag="003">OCoLC</controlfield><controlfield tag="005">20141103103856.0</controlfield><controlfield tag="008">140228t20152015enka     b    001 0 eng d</controlfield><datafield ind1=" " ind2=" " tag="020"><subfield code="z">9781315766935 (ebk)</subfield></datafield><datafield ind1=" " ind2=" " tag="020"><subfield code="a">9780415661577 (pbk)</subfield></datafield><datafield ind1=" " ind2=" " tag="020"><subfield code="a">0415661579 (pbk)</subfield></datafield><datafield ind1=" " ind2=" " tag="020"><subfield code="a">9780415661560 (hbk)</subfield></datafield><datafield ind1=" " ind2=" " tag="020"><subfield code="a">0415661560 (hbk)</subfield></datafield><datafield ind1=" " ind2=" " tag="035"><subfield code="a">ocn871341006</subfield></datafield><datafield ind1=" " ind2=" " tag="040"><subfield code="a">BTCTA</subfield><subfield code="b">eng</subfield><subfield code="e">rda</subfield><subfield code="c">BTCTA</subfield><subfield code="d">ERASA</subfield><subfield code="d">BDX</subfield><subfield code="d">YDXCP</subfield><subfield code="d">YAM</subfield><subfield code="d">NGU</subfield><subfield code="d">TXI</subfield><subfield code="d">UAB</subfield></datafield><datafield ind1=" " ind2="4" tag="050"><subfield code="a">GN35</subfield><subfield code="b">.M87 2015</subfield></datafield><datafield ind1="0" ind2="4" tag="082"><subfield code="a">305.80074</subfield><subfield code="2">23</subfield></datafield><datafield ind1=" " ind2=" " tag="090"><subfield code="a">GN 35 M87 2015</subfield><subfield code="b">AEU</subfield></datafield><datafield ind1="0" ind2="0" tag="245"><subfield code="a">Museum as process :</subfield><subfield code="b">translating local and global knowledges /</subfield><subfield code="c">edited by Raymond A. Silverman.</subfield></datafield><datafield ind1=" " ind2="1" tag="264"><subfield code="a">London ;</subfield><subfield code="a">New York :</subfield><subfield code="b">Routledge,</subfield><subfield code="c">2015.</subfield></datafield><datafield ind1=" " ind2="4" tag="264"><subfield code="c">&#169;2015</subfield></datafield><datafield ind1=" " ind2=" " tag="300"><subfield code="a">xvii, 303 pages :</subfield><subfield code="b">illustrations ;</subfield><subfield code="c">25 cm.</subfield></datafield><datafield ind1=" " ind2=" " tag="336"><subfield code="a">text</subfield><subfield code="b">txt</subfield><subfield code="2">rdacontent</subfield></datafield><datafield ind1=" " ind2=" " tag="336"><subfield code="a">still image</subfield><subfield code="b">sti</subfield><subfield code="2">rdacontent</subfield></datafield><datafield ind1=" " ind2=" " tag="337"><subfield code="a">unmediated</subfield><subfield code="b">n</subfield><subfield code="2">rdamedia</subfield></datafield><datafield ind1=" " ind2=" " tag="338"><subfield code="a">volume</subfield><subfield code="b">nc</subfield><subfield code="2">rdacarrier</subfield></datafield><datafield ind1="1" ind2=" " tag="490"><subfield code="a">Museum meanings</subfield></datafield><datafield ind1=" " ind2=" " tag="500"><subfield code="a">Outgrowth of a yearlong lecture series entitled Translating Knowledge: Global Perspectives on Museum and Community, organized by the editor at the University of Michigan in 2009-10. (Preface)</subfield></datafield><datafield ind1=" " ind2=" " tag="504"><subfield code="a">Includes bibliographical references and index.</subfield></datafield><datafield ind1="0" ind2="0" tag="505"><subfield code="g">1.</subfield><subfield code="t">Introduction : museum as process /</subfield><subfield code="r">Raymond A. Silverman --</subfield><subfield code="g">2.</subfield><subfield code="t">Indigenous ontologies, digital futures : plural provenances and the Kwakwa&#818;ka&#818;'wakw Collection in Berlin and beyond /</subfield><subfield code="r">Aaron Glass --</subfield><subfield code="g">3.</subfield><subfield code="t">Wampum unites us : digital access, interdisciplinarity and indigenous knowledge - situating the GRASAC knowledge sharing database /</subfield><subfield code="r">Heidi Bohaker, Alan Ojiig Corbiere and Ruth B. Phillips --</subfield><subfield code="g">4.</subfield><subfield code="t">Projectishare.com : sharing our past, collecting for the future /</subfield><subfield code="r">Jennifer Shannon --</subfield><subfield code="g">5.</subfield><subfield code="t">Open access versus the culture of protocols /</subfield><subfield code="r">Howard Morphy --</subfield><subfield code="g">6.</subfield><subfield code="t">The veracity of form : transforming knowledges and their forms in the Purari Delta of Papua New Guinea /</subfield><subfield code="r">Joshua A. Bell --</subfield><subfield code="g">7.</subfield><subfield code="t">Translating knowledge : uniting Alutiiq people with heritage information /</subfield><subfield code="r">Sven Haakanson, Jr. --</subfield><subfield code="g">8.</subfield><subfield code="t">From entangled objects to engaged subjects : knowledge translation and cultural heritage regeneration /</subfield><subfield code="r">Lea S. McChesney --</subfield><subfield code="g">9.</subfield><subfield code="t">The price of knowledge and the economies of heritage in Zuni, New Mexico /</subfield><subfield code="r">Gwyneira Isaac --</subfield><subfield code="g">10.</subfield><subfield code="t">Public history in Alexandra : facing the challenges of tourism and struggle heroization /</subfield><subfield code="r">Noor Nieftagodien --</subfield><subfield code="g">11.</subfield><subfield code="t">The Culture Bank : micro-credit, living objects and community development in West Africa /</subfield><subfield code="r">Todd Vincent Crosby --</subfield><subfield code="g">12.</subfield><subfield code="t">Locating culture with/in a Ghanaian community /</subfield><subfield code="r">Raymond A. Silverman --</subfield><subfield code="g">13.</subfield><subfield code="t">Communities and museums : equal partners? /</subfield><subfield code="r">Sheila Watson --</subfield><subfield code="g">14.</subfield><subfield code="t">Challenging museum sustainability : governance, community participation and the fickle political climate in southern Luzon (Philippines) towns /</subfield><subfield code="r">Ana Maria Theresa P. Labrador --</subfield><subfield code="g">15.</subfield><subfield code="t">Ko Tawa : where are the glass cabinets? /</subfield><subfield code="r">Paul Tapsell --</subfield><subfield code="g">16.</subfield><subfield code="t">The interrogative museum /</subfield><subfield code="r">Ivan Karp and Corinne A. Kratz.</subfield></datafield><datafield ind1=" " ind2=" " tag="520"><subfield code="a">"The museum has become a vital strategic space for negotiating ownership of and access to knowledges produced in local settings. Museum as Process presents community-engaged "culture work" of a group of scholars whose collaborative projects consider the social spaces between the museum and community and offer new ways of addressing the challenges of bridging the local and the global. Museum as Process explores a variety of strategies for engaging source communities in the process of translation and the collaborative mediation of cultural knowledges. Scholars from around the world reflect upon their work with specific communities in different parts of the world--Australia, Canada, Ghana, Great Britain, New Zealand, Papua New Guinea, Philippines, South Africa, Taiwan and the United States. Each global case study provides significant insights into what happens to knowledge as it moves back and forth between source communities and global sites, especially the museum. Museum as Process is an important contribution to understanding the relationships between museums and source communities and the flow of cultural knowledge."</subfield><subfield code="c">-- Publisher's website.</subfield></datafield><datafield ind1=" " ind2=" " tag="596"><subfield code="a">43</subfield></datafield><datafield ind1=" " ind2="0" tag="650"><subfield code="a">Ethnological museums and collections</subfield><subfield code="x">Social aspects.</subfield></datafield><datafield ind1=" " ind2="0" tag="650"><subfield code="a">Museums and community.</subfield></datafield><datafield ind1=" " ind2="0" tag="650"><subfield code="a">Indigenous peoples</subfield><subfield code="x">Antiquities</subfield><subfield code="x">Collection and preservation</subfield><subfield code="x">Social aspects.</subfield></datafield><datafield ind1=" " ind2="0" tag="650"><subfield code="a">Cultural property</subfield><subfield code="x">Protection</subfield><subfield code="x">Social aspects.</subfield></datafield><datafield ind1=" " ind2="0" tag="650"><subfield code="a">Intercultural communication.</subfield></datafield><datafield ind1=" " ind2="0" tag="650"><subfield code="a">Communication in ethnology.</subfield></datafield><datafield ind1=" " ind2="0" tag="650"><subfield code="a">Museums</subfield><subfield code="x">Social aspects.</subfield></datafield><datafield ind1="1" ind2=" " tag="700"><subfield code="a">Silverman, Raymond Aaron,</subfield><subfield code="e">editor.</subfield></datafield><datafield ind1=" " ind2="0" tag="830"><subfield code="a">Museum meanings.</subfield></datafield><datafield ind1=" " ind2=" " tag="949"><subfield code="a">GN 35 M87 2015</subfield><subfield code="c">1</subfield><subfield code="h">UAHS-B</subfield><subfield code="i">0162035183688</subfield></datafield><datafield ind1=" " ind2=" " tag="926"><subfield code="a">GN 35 M87 2015</subfield><subfield code="w">LC</subfield><subfield code="c">1</subfield><subfield code="i">0162035183688</subfield><subfield code="d">5/18/2016</subfield><subfield code="e">5/4/2016</subfield><subfield code="l">ON_SHELF</subfield><subfield code="m">UAHSS</subfield><subfield code="n">3</subfield><subfield code="p">$150.00</subfield><subfield code="r">Y</subfield><subfield code="s">Y</subfield><subfield code="t">BOOK</subfield><subfield code="u">11/19/2014</subfield></datafield></record>